<record><leader>00000cas a2200000 a 4500</leader><controlfield tag="001">14283818</controlfield><controlfield tag="008">860930d18651872paudn ne      0    0eng c</controlfield><datafield ind1=" " ind2=" " tag="010"><subfield code="a">sn 86053740 </subfield></datafield><datafield ind1=" " ind2=" " tag="040"><subfield code="a">NPX</subfield><subfield code="b">eng</subfield><subfield code="c">NPX</subfield><subfield code="d">NPH</subfield><subfield code="d">MHN</subfield><subfield code="d">OCL</subfield><subfield code="d">OCLCQ</subfield><subfield code="d">OCLCO</subfield><subfield code="d">OCLCF</subfield></datafield><datafield ind1="1" ind2=" " tag="029"><subfield code="a">AU@</subfield><subfield code="b">000020424259</subfield></datafield><datafield ind1=" " ind2=" " tag="042"><subfield code="a">pcc</subfield></datafield><datafield ind1=" " ind2=" " tag="043"><subfield code="a">n-us-pa</subfield></datafield><datafield ind1="0" ind2=" " tag="130"><subfield code="a">Meadville daily Republican (Meadville, Pa. : 1865)</subfield></datafield><datafield ind1="1" ind2="0" tag="245"><subfield code="a">Meadville daily Republican.</subfield></datafield><datafield ind1="3" ind2=" " tag="246"><subfield code="a">Meadville Republican</subfield></datafield><datafield ind1="1" ind2="3" tag="246"><subfield code="a">Daily Republican</subfield></datafield><datafield ind1=" " ind2=" " tag="260"><subfield code="a">Meadville, Pa. :</subfield><subfield code="b">R. Lyle White,</subfield><subfield code="c">1865-1872.</subfield></datafield><datafield ind1=" " ind2=" " tag="300"><subfield code="a">8 v.</subfield></datafield><datafield ind1=" " ind2=" " tag="310"><subfield code="a">Daily (except Sun)</subfield></datafield><datafield ind1="0" ind2=" " tag="362"><subfield code="a">Vol. 1, no. 1 (Sept. 29, 1865)-v. 8, no. 57 (July 12, 1872).</subfield></datafield><datafield ind1=" " ind2=" " tag="500"><subfield code="a">"Daily" appears above title ornament in smaller type, &lt;1865&gt;.</subfield></datafield><datafield ind1=" " ind2=" " tag="500"><subfield code="a">Editor: R. Lyle White, &lt;1865&gt;; J.W.H. Reisinger, &lt;1871-&gt;.</subfield></datafield><datafield ind1=" " ind2=" " tag="580"><subfield code="a">Weekly ed.: Meadville Republican (Meadville, Pa. : 1860).</subfield></datafield><datafield ind1=" " ind2="0" tag="651"><subfield code="a">Meadville (Crawford County, Pa.)</subfield><subfield code="v">Newspapers.</subfield></datafield><datafield ind1=" " ind2="0" tag="651"><subfield code="a">Crawford County (Pa.)</subfield><subfield code="v">Newspapers.</subfield></datafield><datafield ind1=" " ind2="7" tag="655"><subfield code="a">Newspapers.</subfield><subfield code="2">fast</subfield><subfield code="0">(OCoLC)fst01423814</subfield></datafield><datafield ind1=" " ind2="7" tag="651"><subfield code="a">Pennsylvania</subfield><subfield code="z">Crawford County.</subfield><subfield code="2">fast</subfield><subfield code="0">(OCoLC)fst01207652</subfield></datafield><datafield ind1=" " ind2="7" tag="651"><subfield code="a">Pennsylvania</subfield><subfield code="z">Meadville (Crawford County)</subfield><subfield code="2">fast</subfield><subfield code="0">(OCoLC)fst01775215</subfield></datafield><datafield ind1=" " ind2=" " tag="752"><subfield code="a">United States</subfield><subfield code="b">Pennsylvania</subfield><subfield code="c">Crawford</subfield><subfield code="d">Meadville.</subfield></datafield><datafield ind1="1" ind2=" " tag="775"><subfield code="t">Meadville Republican (Meadville, Pa. : 1860)</subfield><subfield code="w">(DLC)sn 84026029</subfield><subfield code="w">(OCoLC)10282632</subfield></datafield><datafield ind1="0" ind2="0" tag="785"><subfield code="t">Evening Republican (Meadville, Pa. : 1872)</subfield><subfield code="w">(DLC)sn 86053741</subfield><subfield code="w">(OCoLC)14283757</subfield></datafield></record>